
%%%%%%%%%%%
% http://www.cs.umd.edu/~mwh/papers/wysstar.pdf

@inproceedings{rastogi2019textsc,
  title={$$$\backslash$textsc $\{$Wys$\}$\^{}$\backslash$star $$: A DSL for Verified Secure Multi-party Computations},
  author={Rastogi, Aseem and Swamy, Nikhil and Hicks, Michael},
  booktitle={International Conference on Principles of Security and Trust},
  pages={99--122},
  year={2019},
  organization={Springer}
}


%%%%%%%%%%%
% https://par.nsf.gov/servlets/purl/10099282

@article{evans2018pragmatic,
  title={A pragmatic introduction to secure multi-party computation},
  author={Evans, David and Kolesnikov, Vladimir and Rosulek, Mike and others},
  journal={Foundations and Trends{\textregistered} in Privacy and Security},
  volume={2},
  number={2-3},
  pages={70--246},
  year={2018},
  publisher={Now Publishers, Inc.}
}


%%%%%%%%%%%
% https://ieeexplore.ieee.org/abstract/document/8429301/

@inproceedings{almeida2018enforcing,
  title={Enforcing ideal-world leakage bounds in real-world secret sharing MPC frameworks},
  author={Almeida, Jos{\'e} Bacelar and Barbosa, Manuel and Barthe, Gilles and Pacheco, Hugo and Pereira, Vitor and Portela, Bernardo},
  booktitle={2018 IEEE 31st Computer Security Foundations Symposium (CSF)},
  pages={132--146},
  year={2018},
  organization={IEEE}
}


%%%%%%%%%%%
% https://eprint.iacr.org/2012/205.pdf

@inproceedings{mitchell2012information,
  title={Information-flow control for programming on encrypted data},
  author={Mitchell, John C and Sharma, Rahul and Stefan, Deian and Zimmerman, Joe},
  booktitle={2012 IEEE 25th Computer Security Foundations Symposium},
  pages={45--60},
  year={2012},
  organization={IEEE}
}


%%%%%%%%%%%
% https://boriskoepf.de/papers/sfm13.pdf

@inproceedings{kopf2013automation,
  title={Automation of quantitative information-flow analysis},
  author={K{\"o}pf, Boris and Rybalchenko, Andrey},
  booktitle={International School on Formal Methods for the Design of Computer, Communication and Software Systems},
  pages={1--28},
  year={2013},
  organization={Springer}
}


%%%%%%%%%%%
% https://ieeexplore.ieee.org/abstract/document/6956593

@inproceedings{rastogi2014wysteria,
  title={Wysteria: A programming language for generic, mixed-mode multiparty computations},
  author={Rastogi, Aseem and Hammer, Matthew A and Hicks, Michael},
  booktitle={2014 IEEE Symposium on Security and Privacy},
  pages={655--670},
  year={2014},
  organization={IEEE}
}


%%%%%%%%%%%
% https://arxiv.org/abs/1907.10708

@article{barthe2019probabilistic,
  title={A probabilistic separation logic},
  author={Barthe, Gilles and Hsu, Justin and Liao, Kevin},
  journal={arXiv preprint arXiv:1907.10708},
  year={2019}
}


%%%%%%%%%%%
% http://david.darais.com/assets/papers/lang-for-prob-obliv/lpo.pdf

@article{darais2019language,
  title={A language for probabilistically oblivious computation},
  author={Darais, David and Sweet, Ian and Liu, Chang and Hicks, Michael},
  journal={Proceedings of the ACM on Programming Languages},
  volume={4},
  number={POPL},
  pages={1--31},
  year={2019},
  publisher={ACM New York, NY, USA}
}


%%%%%%%%%%%
% https://users-cs.au.dk/askarov/lbs-course/2017/reading/fossacs09.pdf

@inproceedings{smith2009foundations,
  title={On the foundations of quantitative information flow},
  author={Smith, Geoffrey},
  booktitle={International Conference on Foundations of Software Science and Computational Structures},
  pages={288--302},
  year={2009},
  organization={Springer}
}


%%%%%%%%%%%
% https://www.polymtl.ca/crac/INF6602/papiers2009/schneider2000.pdf

@article{schneider2000enforceable,
  title={Enforceable security policies},
  author={Schneider, Fred B},
  journal={ACM Transactions on Information and System Security (TISSEC)},
  volume={3},
  number={1},
  pages={30--50},
  year={2000},
  publisher={ACM New York, NY, USA}
}

%%%%%%%%%%%
% https://www.cis.upenn.edu/~stevez/papers/LZ05a.pdf

@inproceedings{li2005downgrading,
  title={Downgrading policies and relaxed noninterference},
  author={Li, Peng and Zdancewic, Steve},
  booktitle={Proceedings of the 32nd ACM SIGPLAN-SIGACT symposium on Principles of programming languages},
  pages={158--170},
  year={2005}
}


%%%%%%%%%%%
% http://www.cs.ox.ac.uk/people/jeremy.gibbons/publications/kuifje.pdf


@article{gibbons2020quantitative,
  title={Quantitative information flow with monads in haskell},
  author={Gibbons, Jeremy and McIver, Annabelle and Morgan, Carroll and Schrijvers, Tom},
  journal={Foundations of Probabilistic Programming},
  pages={391},
  year={2020}
}


%%%%%%%%%%%
% http://www.cs.cornell.edu/~jnfoster/papers/updatable-security-views.pdf

@inproceedings{foster2009updatable,
  title={Updatable security views},
  author={Foster, J Nathan and Pierce, Benjamin C and Zdancewic, Steve},
  booktitle={2009 22nd IEEE Computer Security Foundations Symposium},
  pages={60--74},
  year={2009},
  organization={IEEE}
}


%%%%%%%%%%%
% https://encrypto.de/papers/SZ13.pdf

@inproceedings{schneider2013gmw,
  title={GMW vs. Yao? Efficient secure two-party computation with low depth circuits},
  author={Schneider, Thomas and Zohner, Michael},
  booktitle={International Conference on Financial Cryptography and Data Security},
  pages={275--292},
  year={2013},
  organization={Springer}
}


%%%%%%%%%%%
% https://cise.ufl.edu/~butler/pubs/eurosp16.pdf

@inproceedings{mood2016frigate,
  title={Frigate: A validated, extensible, and efficient compiler and interpreter for secure computation},
  author={Mood, Benjamin and Gupta, Debayan and Carter, Henry and Butler, Kevin and Traynor, Patrick},
  booktitle={2016 IEEE European Symposium on Security and Privacy (EuroS\&P)},
  pages={112--127},
  year={2016},
  organization={IEEE}
}


%%%%%%%%%%%
% http://elaineshi.com/docs/oblivm.pdf

@inproceedings{liu2015oblivm,
  title={Oblivm: A programming framework for secure computation},
  author={Liu, Chang and Wang, Xiao Shaun and Nayak, Kartik and Huang, Yan and Shi, Elaine},
  booktitle={2015 IEEE Symposium on Security and Privacy},
  pages={359--376},
  year={2015},
  organization={IEEE}
}


%%%%%%%%%%%
% https://ieeexplore.ieee.org/abstract/document/7163039/

@inproceedings{songhori2015tinygarble,
  title={Tinygarble: Highly compressed and scalable sequential garbled circuits},
  author={Songhori, Ebrahim M and Hussain, Siam U and Sadeghi, Ahmad-Reza and Schneider, Thomas and Koushanfar, Farinaz},
  booktitle={2015 IEEE Symposium on Security and Privacy},
  pages={411--428},
  year={2015},
  organization={IEEE}
}


%%%%%%%%%%%
% https://eprint.iacr.org/2016/814

@inproceedings{jafargholi2016adaptive,
  title={Adaptive security of Yaoâ€™s garbled circuits},
  author={Jafargholi, Zahra and Wichs, Daniel},
  booktitle={Theory of Cryptography Conference},
  pages={433--458},
  year={2016},
  organization={Springer}
}


%%%%%%%%%%%
% https://ieeexplore.ieee.org/abstract/document/4568207/

@inproceedings{yao1986generate,
  title={How to generate and exchange secrets},
  author={Yao, Andrew Chi-Chih},
  booktitle={27th Annual Symposium on Foundations of Computer Science (sfcs 1986)},
  pages={162--167},
  year={1986},
  organization={IEEE}
}


%%%%%%%%%%%
% https://link.springer.com/chapter/10.1007/978-3-319-45741-3_5

@inproceedings{buscher2016compiling,
  title={Compiling low depth circuits for practical secure computation},
  author={B{\"u}scher, Niklas and Holzer, Andreas and Weber, Alina and Katzenbeisser, Stefan},
  booktitle={European Symposium on Research in Computer Security},
  pages={80--98},
  year={2016},
  organization={Springer}
}


%%%%%%%%%%%
% https://ieeexplore.ieee.org/abstract/document/9702293/

@inproceedings{patra2021syncirc,
  title={SynCirc: Efficient Synthesis of Depth-Optimized Circuits for Secure Computation},
  author={Patra, Arpita and Schneider, Thomas and Suresh, Ajith and Yalame, Hossein},
  booktitle={2021 IEEE International Symposium on Hardware Oriented Security and Trust (HOST)},
  pages={147--157},
  year={2021},
  organization={IEEE}
}


%%%%%%%%%%%
% https://dl.acm.org/doi/abs/10.1145/2382196.2382279

@inproceedings{bellare2012foundations,
  title={Foundations of garbled circuits},
  author={Bellare, Mihir and Hoang, Viet Tung and Rogaway, Phillip},
  booktitle={Proceedings of the 2012 ACM conference on Computer and communications security},
  pages={784--796},
  year={2012}
}


%%%%%%%%%%%
% https://www.usenix.org/conference/usenixsecurity12/technical-sessions/presentation/kreuter

@inproceedings{kreuter2012billion,
  title={$\{$Billion-Gate$\}$ Secure Computation with Malicious Adversaries},
  author={Kreuter, Benjamin and Shelat, Abhi and Shen, Chih-Hao},
  booktitle={21st USENIX Security Symposium (USENIX Security 12)},
  pages={285--300},
  year={2012}
}

%%%%%%%%%%%
% https://www.cs.ucdavis.edu/~rogaway/papers/tate03.pdf

@article{tate2003garbled,
  title={On garbled circuits and constant round secure function evaluation},
  author={Tate, Stephen R and Xu, Ke},
  journal={CoPS Lab, University of North Texas, Tech. Rep},
  volume={2},
  pages={2003},
  year={2003},
  publisher={Citeseer}
}



