%%%%%%%%%%%%%%%%%%%%%%%%%%%%%
% Linear algebraic characterization of logic programs
% http://web.wakayama-u.ac.jp/~sakama/papers/ksem2017.pdf

@inproceedings{sakama2017linear,
  title={Linear algebraic characterization of logic programs},
  author={Sakama, Chiaki and Inoue, Katsumi and Sato, Taisuke},
  booktitle={Knowledge Science, Engineering and Management: 10th International Conference, KSEM 2017, Melbourne, VIC, Australia, August 19-20, 2017, Proceedings 10},
  pages={520--533},
  year={2017},
  organization={Springer}
}

%%%%%%%%%%%%%%%%%%%%%%%%%%%%%
% A Linear Algebraic Approach to Logic Programming
% https://www.imperial.ac.uk/media/imperial-college/faculty-of-engineering/computing/public/1718-pg-projects/AspisY-Logical-Abduction-via-Linear-Algebraic-Methods.pdf

@phdthesis{aspis2018linear,
  title={A Linear Algebraic Approach to Logic Programming},
  author={Aspis, Yaniv},
  year={2018},
  school={Master thesis at Imperial College London}
}

%%%%%%%%%%%%%%%%%%%%%%%%%%%%%
% Enhancing Linear Algebraic Computation of Logic Programs Using Sparse Representation
% https://arxiv.org/pdf/2009.10247.pdf

@article{nguyen2022enhancing,
  title={Enhancing linear algebraic computation of logic programs using sparse representation},
  author={Nguyen, Tuan Quoc and Inoue, Katsumi and Sakama, Chiaki},
  journal={New Generation Computing},
  volume={40},
  number={1},
  pages={225--254},
  year={2022},
  publisher={Springer}
}

%%%%%%%%%%%%%%%%%%%%%%%%%%%%%
%  Logic programming in tensor spaces
% https://link.springer.com/content/pdf/10.1007/s10472-021-09767-x.pdf

@article{sakama2021logic,
  title={Logic programming in tensor spaces},
  author={Sakama, Chiaki and Inoue, Katsumi and Sato, Taisuke},
  journal={Annals of Mathematics and Artificial Intelligence},
  volume={89},
  number={12},
  pages={1133--1153},
  year={2021},
  publisher={Springer}
}

%%%%%%%%%%%%%%%%%%%%%%%%%%%%%
% Partial evaluation of logic programs in vector spaces
% https://arxiv.org/pdf/1811.11435

@article{sakama2018partial,
  title={Partial evaluation of logic programs in vector spaces},
  author={Sakama, Chiaki and Nguyen, Hien D and Sato, Taisuke and Inoue, Katsumi},
  journal={arXiv preprint arXiv:1811.11435},
  year={2018}
}

%%%%%%%%%%%%%%%%%%%%%%%%%%%%%
% A linear algebraic approach to Datalog evaluation
% https://arxiv.org/pdf/1608.00139

@article{sato2017linear,
  title={A linear algebraic approach to Datalog evaluation},
  author={Sato, Taisuke},
  journal={Theory and Practice of Logic Programming},
  volume={17},
  number={3},
  pages={244--265},
  year={2017},
  publisher={Cambridge University Press}
}

%%%%%%%%%%%%%%%%%%%%%%%%%%%%%
% Tensor-Based Abduction in Horn Propositional
Programs
% https://ceur-ws.org/Vol-2206/paper5.pdf

@inproceedings{aspis2018tensor,
  title={Tensor-based abduction in horn propositional programs},
  author={Aspis, Yaniv and Broda, Krysia and Russo, Alessandra},
  year={2018},
  organization={CEUR Workshop Proceedings}
}

%%%%%%%%%%%%%%%%%%%%%%%%%%%%%
% An efficient reasoning method on logic programming using partial evaluation in vector spaces

@article{nguyen2021efficient,
  title={An efficient reasoning method on logic programming using partial evaluation in vector spaces},
  author={Nguyen, Hien D and Sakama, Chiaki and Sato, Taisuke and Inoue, Katsumi},
  journal={Journal of Logic and Computation},
  volume={31},
  number={5},
  pages={1298--1316},
  year={2021},
  publisher={Oxford University Press}
}

%%%%%%%%%%%%%%%%%%%%%%%%%%%%%
% Computing logic programming semantics in linear algebra
% https://web.wakayama-u.ac.jp/~sakama/papers/miwai2018.pdf

@inproceedings{nguyen2018computing,
  title={Computing logic programming semantics in linear algebra},
  author={Nguyen, Hien D and Sakama, Chiaki and Sato, Taisuke and Inoue, Katsumi},
  booktitle={Multi-disciplinary Trends in Artificial Intelligence: 12th International Conference, MIWAI 2018, Hanoi, Vietnam, November 18--20, 2018, Proceedings 12},
  pages={32--48},
  year={2018},
  organization={Springer}
}

%%%%%%%%%%%%%%%%%%%%%%%%%%%%%
% "On Linear Algebraic Computation for Logic Programming" Dissertation
% https://ir.soken.ac.jp/?action=repository_action_common_download&item_id=6594&item_no=1&attribute_id=19&file_no=2

%%%%%%%%%%%%%%%%%%%%%%%%%%%%%
% On Converting Logic Programs into Matrices
% https://www.insticc.org/node/TechnicalProgram/ICAART/2023/presentationDetails/118024
